<bibRecord>
    <bib>
      <owningInstitutionId>CUL</owningInstitutionId>
      <owningInstitutionBibId>100002</owningInstitutionBibId>
      <content>
        <collection xmlns="http://www.loc.gov/MARC21/slim">
          <record>
            <leader>00935cam a2200301 i 4500</leader>
            <controlfield tag="001">100002</controlfield>
            <controlfield tag="003">NNC</controlfield>
            <controlfield tag="005">20100215174323.0</controlfield>
            <controlfield tag="008">820921s1978    nyuaf         000 0 eng  </controlfield>
            <datafield tag="010" ind1=" " ind2=" ">
              <subfield code="a">   78066663 </subfield>
            </datafield>
            <datafield tag="020" ind1=" " ind2=" ">
              <subfield code="a">0893810282 :</subfield>
              <subfield code="c">$20.00</subfield>
            </datafield>
            <datafield tag="035" ind1=" " ind2=" ">
              <subfield code="a">(OCoLC)4648530</subfield>
            </datafield>
            <datafield tag="035" ind1=" " ind2=" ">
              <subfield code="a">(OCoLC)ocm04648530</subfield>
            </datafield>
            <datafield tag="035" ind1=" " ind2=" ">
              <subfield code="a">(CStRLIN)NYCG82-B42412</subfield>
            </datafield>
            <datafield tag="035" ind1=" " ind2=" ">
              <subfield code="9">AAL6277CU</subfield>
            </datafield>
            <datafield tag="035" ind1=" " ind2=" ">
              <subfield code="a">(NNC)100002</subfield>
            </datafield>
            <datafield tag="040" ind1=" " ind2=" ">
              <subfield code="d">NNC</subfield>
            </datafield>
            <datafield tag="043" ind1=" " ind2=" ">
              <subfield code="a">n-us---</subfield>
            </datafield>
            <datafield tag="050" ind1="0" ind2=" ">
              <subfield code="a">TR820.5</subfield>
              <subfield code="b">.H37</subfield>
            </datafield>
            <datafield tag="082" ind1=" " ind2=" ">
              <subfield code="a">779/.9/30917309240924</subfield>
            </datafield>
            <datafield tag="090" ind1=" " ind2=" ">
              <subfield code="a">TR820.5</subfield>
              <subfield code="b">.H37</subfield>
            </datafield>
            <datafield tag="100" ind1="1" ind2=" ">
              <subfield code="a">Hare, Chauncey,</subfield>
              <subfield code="d">1934-</subfield>
            </datafield>
            <datafield tag="245" ind1="1" ind2="0">
              <subfield code="a">Interior America /</subfield>
              <subfield code="c">Chauncey Hare ; designed by Marvin Israel and Kate Morgan.</subfield>
            </datafield>
            <datafield tag="260" ind1=" " ind2=" ">
              <subfield code="a">Millerton, N.Y. :</subfield>
              <subfield code="b">Aperture, inc.,</subfield>
              <subfield code="c">c1978.</subfield>
            </datafield>
            <datafield tag="300" ind1=" " ind2=" ">
              <subfield code="a">174 p., [1] leaf of plates :</subfield>
              <subfield code="b">chiefly ill. ;</subfield>
              <subfield code="c">24 x 30 cm.</subfield>
            </datafield>
            <datafield tag="600" ind1="1" ind2="0">
              <subfield code="a">Hare, Chauncey,</subfield>
              <subfield code="d">1934-</subfield>
            </datafield>
            <datafield tag="650" ind1=" " ind2="0">
              <subfield code="a">Documentary photography.</subfield>
            </datafield>
            <datafield tag="651" ind1=" " ind2="0">
              <subfield code="a">United States</subfield>
              <subfield code="x">Social life and customs</subfield>
              <subfield code="v">Pictorial works.</subfield>
            </datafield>
          </record>
        </collection>
      </content>
    </bib>
    <holdings>
      <holding>
        <owningInstitutionHoldingsId>147166</owningInstitutionHoldingsId>
        <content>
          <collection xmlns="http://www.loc.gov/MARC21/slim">
            <record>
              <datafield tag="852" ind1="8" ind2="0">
                <subfield code="b">off,fax</subfield>
                <subfield code="h">NH32 H223 H22</subfield>
              </datafield>
            </record>
          </collection>
        </content>
        <items>
          <content>
            <collection xmlns="http://www.loc.gov/MARC21/slim">
              <record>
                <datafield tag="876" ind1="0" ind2="0">
                  <subfield code="a">143927</subfield>
                  <subfield code="h">In library use</subfield>
                  <subfield code="p">AR62658255</subfield>
                  <subfield code="t">1</subfield>
                </datafield>
                <datafield tag="900" ind1="0" ind2="0">
                  <subfield code="a">Shared</subfield>
                  <subfield code="b">AR</subfield>
                </datafield>
              </record>
            </collection>
          </content>
        </items>
      </holding>
    </holdings>
  </bibRecord>
